<?xml version="1.0" encoding="UTF-8"?><record xmlns="http://www.loc.gov/MARC21/slim" xmlns:cinclude="http://apache.org/cocoon/include/1.0" xmlns:zs="http://www.loc.gov/zing/srw/">
  <leader>00493nz  a2200145n  4500</leader>
  <controlfield tag="001">no 97048412 </controlfield>
  <controlfield tag="003">DLC</controlfield>
  <controlfield tag="005">19970819052931.3</controlfield>
  <controlfield tag="008">970818n| acannaab|          |a ana     c</controlfield>
  <datafield tag="010" ind1=" " ind2=" ">
    <subfield code="a">no 97048412 </subfield>
  </datafield>
  <datafield tag="035" ind1=" " ind2=" ">
    <subfield code="a">(OCoLC)oca04409486 </subfield>
  </datafield>
  <datafield tag="040" ind1=" " ind2=" ">
    <subfield code="a">O</subfield>
    <subfield code="c">O</subfield>
  </datafield>
  <datafield tag="110" ind1="2" ind2="0">
    <subfield code="a">Ohio Task Force on Drug-Exposed Infants</subfield>
  </datafield>
  <datafield tag="410" ind1="1" ind2="0">
    <subfield code="a">Ohio.</subfield>
    <subfield code="b">Task Force on Drug-Exposed Infants</subfield>
  </datafield>
  <datafield tag="670" ind1=" " ind2=" ">
    <subfield code="a">Ohio Task Force on Drug-Exposed Infants, 1990:</subfield>
    <subfield code="b">p. 6 (Exec. order 89-76, estab. of the Ohio Task Force on Drug-Exposed Infants)</subfield>
  </datafield>
</record>